@article{namiki2003security,
  title={Security of quantum cryptography using balanced homodyne detection},
  author={Namiki, Ryo and Hirano, Takuya},
  journal={Physical Review A},
  volume={67},
  number={2},
  pages={022308},
  year={2003},
  publisher={APS}
}